@article{mensh2017ten,
  title={Ten simple rules for structuring papers},
  author={Mensh, Brett and Kording, Konrad},
  journal={PLoS computational biology},
  volume={13},
  number={9},
  year={2017},
  publisher={Public Library of Science}
}

